@inproceedings{deng2009imagenet,
	title="{Imagenet: a large-scale hierarchical image database}",
	author={Deng, Jia and Dong, Wei and Socher, Richard and Li, Li-Jia and Li, Kai and Fei-Fei, Li},
	booktitle={Computer Vision and Pattern Recognition, 2009. CVPR 2009. IEEE Conference on},
	pages={248--255},
	year={2009},
	@organization={IEEE}
}
@article{silver2016mastering,
	title={Mastering the game of Go with deep neural networks and tree search},
	author={Silver, David and Huang, Aja and Maddison, Chris J and Guez, Arthur and Sifre, Laurent and Van Den Driessche, George and Schrittwieser, Julian and Antonoglou, Ioannis and Panneershelvam, Veda and Lanctot, Marc and others},
	journal={Nature},
	volume={529},
	number={7587},
	pages={484--489},
	year={2016},
	publisher={Nature Publishing Group}
}
@article{indiveri2009artificial,
	title="{Artificial cognitive systems: from VLSI networks of spiking neurons to neuromorphic cognition}",
	author={Indiveri, Giacomo and Chicca, Elisabetta and Douglas, Rodney J},
	journal={Cognitive Computation},
	volume={1},
	number={2},
	pages={119--127},
	year={2009},
	publisher={Springer}
}
@article{o2016deep,
  title={Deep Spiking Networks},
  author={O'Connor, Peter and Welling, Max},
  //journal={arXiv preprint arXiv:1602.08323},
  journal={arXiv preprint},
  year={2016}
}

@article{buesing2011neural,
  title={Neural dynamics as sampling: a model for stochastic computation in recurrent networks of spiking neurons},
  author={Buesing, Lars and Bill, Johannes and Nessler, Bernhard and Maass, Wolfgang},
  journal={PLoS Comput Biol},
  volume={7},
  number={11},
  pages={e1002211},
  year={2011},
  publisher={Public Library of Science}
}

    publisher = {Public Library of Science}
}

@article{hunsberger2015spiking,
  title={Spiking Deep Networks with LIF Neurons},
  author={Hunsberger, Eric and Eliasmith, Chris},
  //journal={arXiv preprint arXiv:1510.08829},
  journal={arXiv preprint},
  year={2015}
}


@article{diehl2016conversion,
  title={Conversion of Artificial Recurrent Neural Networks to Spiking Neural Networks for Low-power Neuromorphic Hardware},
  author={Diehl, Peter U and Zarrella, Guido and Cassidy, Andrew and Pedroni, Bruno U and Neftci, Emre},
  //journal={arXiv preprint arXiv:1601.04187},
  journal={arXiv preprint},
  year={2016}
}

@article{dugas2001incorporating,
  title={Incorporating second-order functional knowledge for better option pricing},
  author={Dugas, Charles and Bengio, Yoshua and B{\'e}lisle, Fran{\c{c}}ois and Nadeau, Claude and Garcia, Ren{\'e}},
  journal={Advances in neural information processing systems},
  pages={472--478},
  year={2001},
  publisher={MIT; 1998}
}

@inproceedings{glorot2011deep,
  title={Deep sparse rectifier neural networks},
  author={Glorot, Xavier and Bordes, Antoine and Bengio, Yoshua},
  booktitle={International Conference on Artificial Intelligence and Statistics},
  pages={315--323},
  year={2011}
}

@article{la2008response,
  title={The response of cortical neurons to in vivo-like input current: theory and experiment},
  author={La Camera, Giancarlo and Giugliano, Michele and Senn, Walter and Fusi, Stefano},
  journal={Biological cybernetics},
  volume={99},
  number={4-5},
  pages={279--301},
  year={2008},
  publisher={Springer}
}

@inproceedings{he2015delving,
  title={Delving deep into rectifiers: Surpassing human-level performance on imagenet classification},
  author={He, Kaiming and Zhang, Xiangyu and Ren, Shaoqing and Sun, Jian},
  booktitle={Proceedings of the IEEE International Conference on Computer Vision},
  pages={1026--1034},
  year={2015}
}

@ARTICLE{liu2016bench,	
	AUTHOR={Liu, Qian and Pineda-Garc\'ia\, Garibaldia nd Stromatias, Evangelos and Serrano-Gotarredona, Teresa and Furber, Steve},   	
	TITLE={Benchmarking Spike-Based Visual Recognition: A Dataset and Evaluation},      	
	JOURNAL={Frontiers in Neuroscience}, 	
	VOLUME={10},      
	PAGES={496},     
	YEAR={2016. http://journal.frontiersin.org/article/10.3389/fnins.2016.00496},      
	URL={http://journal.frontiersin.org/article/10.3389/fnins.2016.00496},       
	DOI={10.3389/fnins.2016.00496},      
	ISSN={1662-453X}, 
}  

@article{srivastava2014dropout,
	title={Dropout: a simple way to prevent neural networks from overfitting.},
	author={Srivastava, Nitish and Hinton, Geoffrey E and Krizhevsky, Alex and Sutskever, Ilya and Salakhutdinov, Ruslan},
	journal={Journal of Machine Learning Research},
	volume={15},
	number={1},
	pages={1929--1958},
	year={2014}
}


@article{rauch2003neocortical,
	title={'Neocortical pyramidal cells respond as Integrate-and-Fire neurons to in vivo--like input currents'},
	author={Rauch, Alexander and La Camera, Giancarlo and L{\"u}scher, Hans-Rudolf and Senn, Walter and Fusi, Stefano},
	journal={Journal of neurophysiology},
	volume={90},
	number={3},
	pages={1598--1612},
	year={2003},
	publisher={Am Physiological Soc}
}

@article{neftci2013event,
	title={Event-driven contrastive divergence for spiking neuromorphic systems},
	author={Neftci, Emre and Das, Srinjoy and Pedroni, Bruno and Kreutz-Delgado, Kenneth and Cauwenberghs, Gert},
	journal={Frontiers in neuroscience},
	volume={7},
	year={2013},
	publisher={Frontiers Media SA}
}

@inproceedings{Jug_etal_2012,
	title="{Spiking networks and their rate-based equivalents: does it make sense to use {S}iegert neurons?}",
	author={Jug, F. and Lengler, J. and Krautz, C. and Steger, A.},
	booktitle={Swiss Soc. for Neuroscience},
	year = {2012}
}

@inproceedings{Stromatias2015scalable,
	title="{Scalable energy-efficient, low-latency implementations of trained spiking deep belief networks on SpiNNaker}",
	author={Stromatias, Evangelos and Neil, Daniel and Galluppi, Francesco and Pfeiffer, Michael and Liu, Shih-Chii and Furber, Steve},
	booktitle={Neural Networks (IJCNN), 2015 International Joint Conference on},
	pages={1--8},
	year={2015},
	organization={IEEE}
}

@article{furber2014spinnaker,
	title="{The SpiNNaker project}", 
	author={Furber, Steve B and Galluppi, Francesco and Temple, Sally and Plana, Luis and others},
	journal={Proceedings of the IEEE},
	volume={102},
	number={5},
	pages={652--665},
	year={2014},
	publisher={IEEE}
}

@article{cao2015spiking,
	title={Spiking Deep Convolutional Neural Networks for Energy-Efficient Object Recognition},
	author={Cao, Yongqiang and Chen, Yang and Khosla, Deepak},
	journal={International Journal of Computer Vision},
	volume={113},
	number={1},
	pages={54--66},
	year={2015},
	publisher={Springer}
}


@inproceedings{diehl2015fast,
	title={Fast-classifying, high-accuracy spiking deep networks through weight and threshold balancing},
	author={Diehl, Peter U and Neil, Daniel and Binas, Jonathan and Cook, Matthew and Liu, Shih-Chii and Pfeiffer, Michael},
	booktitle={Neural Networks (IJCNN), 2015 International Joint Conference on},
	pages={1--8},
	year={2015},
	organization={IEEE}
}

@article{merolla2014million,
	title={A million spiking-neuron integrated circuit with a scalable communication network and interface},
	author={Merolla, Paul A and Arthur, John V and Alvarez-Icaza, Rodrigo and Cassidy, Andrew S and Sawada, Jun and Akopyan, Filipp and Jackson, Bryan L and Imam, Nabil and Guo, Chen and Nakamura, Yutaka and others},
	journal={Science},
	volume={345},
	number={6197},
	pages={668--673},
	year={2014},
	publisher={American Association for the Advancement of Science}
}

@article{davison2008pynn,
	title="{PyNN: a common interface for neuronal network simulators}",
	author={Davison, Andrew P and Br{\"u}derle, Daniel and Eppler, Jochen and Kremkow, Jens and Muller, Eilif and Pecevski, Dejan and Perrinet, Laurent and Yger, Pierre},
	journal={Frontiers in neuroinformatics},
	volume={2},
	year={2008},
	publisher={Frontiers Research Foundation}
}

@inproceedings{stromatias2013power,
	title="{Power analysis of large-scale, real-time neural networks on SpiNNaker}",
	author={Stromatias, Evangelos and Galluppi, Francesco and Patterson, Cameron and Furber, Steve},
	booktitle={Neural Networks (IJCNN), The 2013 International Joint Conference on},
	pages={1--8},
	year={2013},
	@organization={IEEE}
}

@article{siegert1951first,
	title={On the first passage time probability problem},
	author={Siegert, Arnold JF},
	journal={Physical Review},
	volume={81},
	number={4},
	pages={617},
	year={1951},
	publisher={APS}
}

@book{Gerstner:2002,
	author = {Gerstner, Wulfram and Kistler, Werner},
	title = {Spiking Neuron Models: An Introduction},
	year = {2002},
	isbn = {0521890799},
	publisher = {Cambridge University Press},
	address = {New York, NY, USA},
} 

@inproceedings{liu2016noisy,
	title={Noisy Softplus: A Biology Inspired Activation Function},
	author={Liu, Qian and Furber, Steve},
	booktitle={International Conference on Neural Information Processing},
	pages={405--412},
	year={2016},
	organization={Springer}
}
